@article{li2014bayesian,
  title={Bayesian multiscale smoothing of Gaussian noised images},
  author={Li, Meng and Ghosal, Subhashis and others},
  journal={Bayesian Analysis},
  volume={9},
  number={3},
  pages={733--758},
  year={2014},
  publisher={International Society for Bayesian Analysis}
}
