@article{fox2007developing,
  title={Developing a tempered HDP-HMM for systems with state persistence},
  author={Fox, E and Sudderth, E and Jordan, M and Willsky, A},
  journal={MIT Laboratory for Information and Decision Systems, Tech. Rep.},
  year={2007}
}

@article{fox2011bayesian,
  title={Bayesian nonparametric inference of switching dynamic linear models},
  author={Fox, Emily and Sudderth, Erik B and Jordan, Michael I and Willsky, Alan S},
  journal={IEEE Transactions on Signal Processing},
  volume={59},
  number={4},
  pages={1569--1585},
  year={2011},
  publisher={IEEE}
}

@inproceedings{fox2008hdp,
  title={An HDP-HMM for systems with state persistence},
  author={Fox, Emily B and Sudderth, Erik B and Jordan, Michael I and Willsky, Alan S},
  booktitle={Proceedings of the 25th international conference on Machine learning},
  pages={312--319},
  year={2008},
  organization={ACM}
}
