
@article{kim1999state,
  title={State-space models with regime switching: classical and Gibbs-sampling approaches with applications},
  author={Kim, Chang-Jin and Nelson, Charles R and others},
  journal={MIT Press Books},
  volume={1},
  year={1999},
  publisher={The MIT press}
}

@article{ghahramani2000variational,
  title={Variational learning for switching state-space models},
  author={Ghahramani, Zoubin and Hinton, Geoffrey E},
  journal={Neural computation},
  volume={12},
  number={4},
  pages={831--864},
  year={2000},
  publisher={MIT Press}
}
