
@article{kim1999state,
  title={State-space models with regime switching: classical and Gibbs-sampling approaches with applications},
  author={Kim, Chang-Jin and Nelson, Charles R and others},
  journal={MIT Press Books},
  volume={1},
  year={1999},
  publisher={The MIT press}
}

@article{ghahramani2000variational,
  title={Variational learning for switching state-space models},
  author={Ghahramani, Zoubin and Hinton, Geoffrey E},
  journal={Neural computation},
  volume={12},
  number={4},
  pages={831--864},
  year={2000},
  publisher={MIT Press}
}

@article{fox2011bayesian,
  title={Bayesian nonparametric inference of switching dynamic linear models},
  author={Fox, Emily and Sudderth, Erik B and Jordan, Michael I and Willsky, Alan S},
  journal={IEEE Transactions on Signal Processing},
  volume={59},
  number={4},
  pages={1569--1585},
  year={2011},
  publisher={IEEE}
}

@inproceedings{fox2008hdp,
  title={An HDP-HMM for systems with state persistence},
  author={Fox, Emily B and Sudderth, Erik B and Jordan, Michael I and Willsky, Alan S},
  booktitle={Proceedings of the 25th international conference on Machine learning},
  pages={312--319},
  year={2008},
  organization={ACM}
}

@inproceedings{teh2005sharing,
  title={Sharing clusters among related groups: Hierarchical Dirichlet processes},
  author={Teh, Yee W and Jordan, Michael I and Beal, Matthew J and Blei, David M},
  booktitle={Advances in neural information processing systems},
  pages={1385--1392},
  year={2005}
}
